@article{en3,
  title={{The Mechanism and Effectiveness of Credit Scoring of P2P Lending Platform: Evidence from Renrendai.com}},
  author={Li, Qiang and Chen, Liwen and Zeng, Yong},
  journal={China Finance Review International},
  volume={8},
  number={3},
  pages={256--274},
  year={2018},
  publisher={Emerald Publishing Limited}
}


@article{en2,
   author = {Carlstrom, Charles T and Fuerst, Timothy S},
   title = {{Agency Costs, Net Worth, and Business Fluctuations: A Computable General Equilibrium Analysis}},
   journal = {The American Economic Review},
   pages = {893-910},
   ISSN = {0002-8282},
   year = {1997},
   type = {Journal Article}
}

@article{en1,
   author = {Quadrini, Vincenzo},
   title = {{Financial Frictions in Macroeconomic Fluctuations}},
   journal = {FRB Richmond Economic Quarterly},
   volume = {97},
   number = {3},
   pages = {209-254},
   year = {2011},
   type = {Journal Article}
}

@article{cn1,
   author = {方军雄},
   key = {fang1 jun1 xiong2},
   title = {{所有制、制度环境与信贷资金配置}},
   journal = {经济研究},
   number = {12},
   pages = {82-92},
   ISSN = {0577-9154},
   year = {2007},
   type = {Journal Article}
}

@article{cn2,
   author = {刘凤良 and 章潇萌 and 于泽},
   key = {liu2 feng4 liang2 zhang1 xiao1 meng2 yu2 ze2},
   title = {{高投资、结构失衡与价格指数二元分化}},
   journal = {金融研究},
   number = {02},
   pages = {54-69},
   ISSN = {1002-7246},
   year = {2017},
   type = {Journal Article}
}

@article{cn3,
   author = {吕捷 and 王高望},
   key = {lv3 jie2 wang2 gao1 wang4},
   title = {{CPI 与 PPI “背离”的结构性解释}},
   journal = {经济研究},
   volume = {50},
   number = {04},
   pages = {136-149},
   ISSN = {0577-9154},
   year = {2015},
   type = {Journal Article}
}

@Article{Diaz1985,
  author           = {D\'{\i}az, J. Ildefonso and V\'{e}ron, Laurent},
  journal          = {Transactions of the American Mathematical Society},
  title            = {Local vanishing properties of solutions of elliptic and parabolic quasilinear equations},
  year             = {1985},
  issn             = {0002-9947},
  number           = {2},
  pages            = {787--814},
  volume           = {290},
  creationdate     = {2023-09-01T11:31:27},
  doi              = {10.2307/2000315},
  file             = {:Journal/1985Dı́az-TotAMS-Local Vanishing Properties of Solutions of Elliptic and Parabolic Quasilinear Equations.pdf:PDF},
  keywords         = {35B05 (35J60 35K55)},
  modificationdate = {2023-09-01T11:31:27},
  mrnumber         = {792828},
  owner            = {mao},
}

@Book{Adams2003,
  author           = {Adams, Robert A. and Fournier, John J. F.},
  publisher        = {Elsevier/Academic Press, Amsterdam},
  title            = {Sobolev spaces},
  year             = {2003},
  edition          = {Second},
  isbn             = {0-12-044143-8},
  series           = {Pure and Applied Mathematics (Amsterdam)},
  volume           = {140},
  creationdate     = {2023-09-01T11:38:04},
  file             = {:Book/2003Adams-Book-Sobolev Spaces.pdf:PDF},
  modificationdate = {2023-09-01T11:38:04},
  mrclass          = {46E35 (46-01 46-02 46B70 46Exx)},
  mrnumber         = {2424078},
  owner            = {mao_x},
  pages            = {xiv+305},
  priority         = {prio2},
}

@Comment{jabref-meta: databaseType:bibtex;}

@Comment{jabref-meta: keypatterndefault:[auth][year];}

@Comment{jabref-meta: saveActions:disabled;
all-text-fields[identity]
date[normalize_date]
month[normalize_month]
pages[normalize_page_numbers]
;}
